<?xml version="1.0" encoding="UTF-8"?><record xmlns="http://www.loc.gov/MARC21/slim" xmlns:cinclude="http://apache.org/cocoon/include/1.0" xmlns:zs="http://www.loc.gov/zing/srw/">
  <leader>00590nz  a2200133n  4500</leader>
  <controlfield tag="001">no2006026468</controlfield>
  <controlfield tag="003">DLC</controlfield>
  <controlfield tag="005">20060315052109.0</controlfield>
  <controlfield tag="008">060314n| acannaabn          |n ana     c</controlfield>
  <datafield tag="010" ind1=" " ind2=" ">
    <subfield code="a">no2006026468</subfield>
  </datafield>
  <datafield tag="035" ind1=" " ind2=" ">
    <subfield code="a">(OCoLC)oca06881218</subfield>
  </datafield>
  <datafield tag="040" ind1=" " ind2=" ">
    <subfield code="a">TxU</subfield>
    <subfield code="b">eng</subfield>
    <subfield code="c">TxU</subfield>
  </datafield>
  <datafield tag="110" ind1="1" ind2=" ">
    <subfield code="a">Peru.</subfield>
    <subfield code="b">Ministerio de la Producción.</subfield>
    <subfield code="b">Oficina General de Desarrollo y Planeamiento Estratégico</subfield>
  </datafield>
  <datafield tag="670" ind1=" " ind2=" ">
    <subfield code="a">Plan estratégico sectorial multianual, 2004-2006, sector producción, 2002  [electronic resource]:</subfield>
    <subfield code="b">t.p. (Oficina General de Desarrollo y Planeamiento Estratégico del Ministerio de la Producción) p. 3 (Perú)</subfield>
  </datafield>
</record>